<record><leader>00000cas a22000007a 4500</leader><controlfield tag="001">37923866</controlfield><controlfield tag="008">971112d190119uuokuwr n       0    0eng d</controlfield><datafield ind1=" " ind2=" " tag="010"><subfield code="a">sn 97070414 </subfield></datafield><datafield ind1=" " ind2=" " tag="040"><subfield code="a">OBN</subfield><subfield code="b">eng</subfield><subfield code="c">OBN</subfield><subfield code="d">OCLCQ</subfield><subfield code="d">OCLCF</subfield><subfield code="d">OCLCO</subfield></datafield><datafield ind1="1" ind2=" " tag="029"><subfield code="a">AU@</subfield><subfield code="b">000013613296</subfield></datafield><datafield ind1=" " ind2=" " tag="042"><subfield code="a">msc</subfield></datafield><datafield ind1=" " ind2=" " tag="043"><subfield code="a">n-us-ok</subfield></datafield><datafield ind1="0" ind2="4" tag="245"><subfield code="a">The Ada weekly news.</subfield></datafield><datafield ind1="3" ind2=" " tag="246"><subfield code="a">Ada news</subfield></datafield><datafield ind1="3" ind2=" " tag="246"><subfield code="a">Ada weekly news and Ada star-democrat</subfield></datafield><datafield ind1=" " ind2=" " tag="260"><subfield code="a">Ada, Indian Territory [Okla.] :</subfield><subfield code="b">Otis B. Weaver</subfield></datafield><datafield ind1=" " ind2=" " tag="300"><subfield code="a">v.</subfield></datafield><datafield ind1=" " ind2=" " tag="310"><subfield code="a">Weekly</subfield></datafield><datafield ind1="1" ind2=" " tag="362"><subfield code="a">Began Apr. 4, 1901.</subfield></datafield><datafield ind1=" " ind2=" " tag="500"><subfield code="a">Published as: The Ada weekly news and Ada star-democrat, Aug. 14-28, 1919.</subfield></datafield><datafield ind1=" " ind2=" " tag="515"><subfield code="a">Includes supplement: Planter and ranchman, Nov 25, 1920-Mar. 10, 1921.</subfield></datafield><datafield ind1=" " ind2=" " tag="580"><subfield code="a">Issued with: Francis headlight, July 20, 1905-Aug. 24, 1905.</subfield></datafield><datafield ind1=" " ind2=" " tag="588"><subfield code="a">Description based on: Vol. 4, no. 34 (Dec. 8, 1904).</subfield></datafield><datafield ind1=" " ind2="0" tag="651"><subfield code="a">Ada (Okla.)</subfield><subfield code="v">Newspapers.</subfield></datafield><datafield ind1=" " ind2="0" tag="651"><subfield code="a">Pontotoc County (Okla.)</subfield><subfield code="v">Newspapers.</subfield></datafield><datafield ind1=" " ind2="0" tag="651"><subfield code="a">Indian Territory</subfield><subfield code="v">Newspapers.</subfield></datafield><datafield ind1=" " ind2="7" tag="655"><subfield code="a">Newspapers.</subfield><subfield code="2">fast</subfield><subfield code="0">(OCoLC)fst01423814</subfield></datafield><datafield ind1=" " ind2="7" tag="651"><subfield code="a">Oklahoma</subfield><subfield code="z">Ada.</subfield><subfield code="2">fast</subfield><subfield code="0">(OCoLC)fst01208682</subfield></datafield><datafield ind1=" " ind2="7" tag="651"><subfield code="a">Oklahoma</subfield><subfield code="z">Indian Territory.</subfield><subfield code="2">fast</subfield><subfield code="0">(OCoLC)fst01225150</subfield></datafield><datafield ind1=" " ind2="7" tag="651"><subfield code="a">Oklahoma</subfield><subfield code="z">Pontotoc County.</subfield><subfield code="2">fast</subfield><subfield code="0">(OCoLC)fst01215847</subfield></datafield><datafield ind1=" " ind2=" " tag="752"><subfield code="a">United States</subfield><subfield code="b">Oklahoma</subfield><subfield code="c">Pontotoc</subfield><subfield code="d">Ada.</subfield></datafield><datafield ind1="0" ind2=" " tag="775"><subfield code="t">Ada evening news</subfield><subfield code="w">(DLC)sn 97070416</subfield><subfield code="w">(OCoLC)14264155</subfield></datafield><datafield ind1="0" ind2=" " tag="777"><subfield code="t">Francis headlight</subfield><subfield code="w">(DLC)sn 97070415</subfield><subfield code="w">(OCoLC)37923899</subfield></datafield><datafield ind1="0" ind2="5" tag="780"><subfield code="t">Ada weekly democrat</subfield><subfield code="w">(DLC)sn 97070418</subfield><subfield code="w">(OCoLC)37924185</subfield></datafield><datafield ind1="0" ind2="5" tag="780"><subfield code="t">Star-democrat (Ada, Okla.)</subfield><subfield code="w">(DLC)sn 97070420</subfield><subfield code="w">(OCoLC)37924529</subfield></datafield><datafield ind1="0" ind2="5" tag="780"><subfield code="t">Pontotoc County enterprise</subfield><subfield code="w">(DLC)sn 97070215</subfield><subfield code="w">(OCoLC)37508855</subfield></datafield></record>